@article{timnat12,
    author = {Timnat, Shahar and Braginsky, Anastasia and Kogan, Alex and Petrank, Erez},
    year = {2012},
    month = {09},
    pages = {309-310},
    title = {Wait-Free Linked-Lists},
    volume = {47},
    journal = {ACM SIGPLAN Notices}
}

@article{harris01,
    author = {Harris, Timothy L.},
    title = {A Pragmatic Implementation of Non-Blocking Linked-Lists},
    year = {2001},
    publisher = {Springer-Verlag},
    address = {Berlin, Heidelberg},
    booktitle = {Proceedings of the 15th International Conference on Distributed Computing},
    pages = {300–314},
    numpages = {15},
    series = {DISC ’01}
}